@book{jain2007handbook,
  title={Handbook of Biometrics},
  author={Jain, A.K. and Flynn, P. and Ross, A.A.},
  isbn={9780387710419},
  lccn={2007934776},
  url={http://books.google.co.za/books?id=WfCowMOvpioC},
  year={2007},
  publisher={Springer}
}



